% Encoding: UTF-8

@Misc{NASAevi,
  author       = {NASA},
  title        = {Climate {C}hange: {H}ow {D}o {W}e {K}now?},
  howpublished = {Website},
  month        = may,
  year         = {2019},
  url          = {https://climate.nasa.gov/evidence/},
}

@Article{Stafford2015,
  author  = {Tess M. Stafford},
  title   = {Indoor air quality and academic performance},
  journal = {Journal of Environmental Economics and Management},
  year    = {2015},
  volume  = {70},
  pages   = {34--50},
}

@Article{Allen2016,
  author  = {Allen, Joseph G. and MacNaughton, Piers and Satish, Usha and Santanam, Suresh and Vallarino, Jose and Spengler, John D.},
  title   = {Associations of {C}ognitive {F}unction {S}cores with {C}arbon {D}ioxide, {V}entilation, and {V}olatile {O}rganic {C}ompound {E}xposures in {O}ffice {W}orkers: {A} {C}ontrolled {E}xposure {S}tudy of {G}reen and {C}onventional {O}ffice {E}nvironments},
  journal = {Environmental Health Perspectives},
  year    = {2016},
  volume  = {124},
  number  = {6},
  pages   = {805--812},
}

@Article{Stuiver1984,
  author  = {Stuiver, M. and Burk, R. L. and Quay, P. D.},
  title   = {13{C}/12{C} ratios in tree rings and the transfer of biospheric carbon to the atmosphere},
  journal = {Journal of Geophysical Research},
  year    = {1984},
  volume  = {89},
  pages   = {11731--11748},
}

@Misc{WMO2014,
  author       = {World Meteorological Organization},
  title        = {W{MO} {G}reenhouse {G}as {B}ulletin},
  howpublished = {Bulletin},
  month        = dec,
  year         = {2014},
}

@Misc{NASA2009,
  author       = {NASA},
  title        = {Climate {F}orcings and {G}lobal {W}arming},
  howpublished = {Website},
  month        = jan,
  year         = {2009},
  url          = {https://earthobservatory.nasa.gov/features/EnergyBalance/page7.php},
}

@Article{Hansen2010,
  author  = {Hansen, J. and Ruedy, R. and Sato, M. and Lo, K.},
  title   = {Global {S}urface {T}emperature {C}hange},
  journal = {Reviews of Geophysics},
  year    = {2010},
  volume  = {48},
}

@Misc{Agency2016,
  author       = {International Energy Agency},
  title        = {Air conditioning demand set to grow rapidly over the coming decades},
  howpublished = {Website},
  month        = aug,
  year         = {2016},
  url          = {https://www.iea.org/newsroom/news/2016/august/air-conditioning-demand-set-to-grow-rapidly-over-the-coming-decades.html},
}

@Misc{Agency2018,
  author       = {International Energy Agency},
  title        = {The {F}uture of {C}ooling},
  howpublished = {Report},
  month        = may,
  year         = {2018},
}

@Article{Wigley1983,
  author  = {Wigley, T. M. L.},
  title   = {The pre-industrial carbon dioxide level},
  journal = {Climatic {C}hange},
  year    = {1983},
  volume  = {5},
  pages   = {315--320},
}

@Comment{jabref-meta: databaseType:bibtex;}
